%!TEX root = main.tex

@misc{manpagesyscall,
    title = {{Linux Programmer's Manual - SYSCALLs(2)}},
    howpublished = "\url{http://man7.org/linux/man-pages/man2/syscalls.2.html}"
}

@misc{kernelmoduleguide,
    title = {{The Linux Kernel Module Programming Guide}},
    howpublished = "\url{https://linux.die.net/lkmpg/x40.html}"
}